<?xml version="1.0" encoding="UTF-8"?><collection xmlns="http://www.loc.gov/MARC21/slim"><record><leader>00530nam--2200193-i-4500</leader><controlfield tag="001">000029915</controlfield><controlfield tag="002">20161230</controlfield><controlfield tag="005">20161230201038</controlfield><controlfield tag="008">060222s1000------------r-----000-0-rus-d</controlfield><datafield ind1=" " ind2=" " tag="040"><subfield code="a">IFIN-HH</subfield></datafield><datafield ind1=" " ind2=" " tag="041"><subfield code="a">rus</subfield></datafield><datafield ind1=" " ind2=" " tag="080"><subfield code="a">533.95:537.84</subfield></datafield><datafield ind1="1" ind2=" " tag="100"><subfield code="a">Mitchner, M</subfield></datafield><datafield ind1="1" ind2="0" tag="245"><subfield code="a">Ciasticino ionizovannie gazi</subfield><subfield code="c">M. Mitchner, Charles Kruger</subfield></datafield><datafield ind1=" " ind2=" " tag="260"><subfield code="a">Moskva</subfield><subfield code="b">Mir</subfield><subfield code="c">1976</subfield></datafield><datafield ind1=" " ind2=" " tag="500"><subfield code="a">Titlul original in lb. engleza: Partially Ionized Gases</subfield></datafield><datafield ind1="1" ind2=" " tag="700"><subfield code="a">Kruger, Charles</subfield></datafield><datafield ind1=" " ind2=" " tag="852"><subfield code="a">45007</subfield><subfield code="c">533.9</subfield></datafield><datafield ind1=" " ind2=" " tag="CAT"><subfield code="a">Sys</subfield><subfield code="c">20100928</subfield><subfield code="h">103323</subfield></datafield></record></collection>